@BOOK{example_reference,
  AUTHOR			= "Lastname1, F. and Lastname2, F. and Lastname3, FirstnameAbbreviated.",
  TITLE			= "The title",
  PUBLISHER		= "The publisher",
  YEAR			= "2018",
  ADDRESS		= "The address",
  NOTE			= "Some note"
}